<?xml version="1.0" encoding="UTF-8"?><collection xmlns="http://www.loc.gov/MARC21/slim"><record><leader>00408nam--2200157-i-4500</leader><controlfield tag="001">000019480</controlfield><controlfield tag="002">20161230</controlfield><controlfield tag="005">20170121211048</controlfield><controlfield tag="008">060222s1000------------r-----000-0-eng-d</controlfield><datafield ind1=" " ind2=" " tag="080"><subfield code="a">539.125.5.164.078(047.1)</subfield></datafield><datafield ind1=" " ind2=" " tag="245"><subfield code="a">Condensed matter research using pulsed neutron sources</subfield></datafield><datafield ind1=" " ind2=" " tag="260"><subfield code="a">Chilton</subfield><subfield code="b">Rl</subfield><subfield code="c">1974</subfield></datafield><datafield ind1=" " ind2=" " tag="300"><subfield code="a">10 p</subfield></datafield><datafield ind1=" " ind2=" " tag="700"><subfield code="a">Sinclair, R. N</subfield></datafield><datafield ind1=" " ind2=" " tag="852"><subfield code="a">D.1346</subfield></datafield><datafield ind1=" " ind2=" " tag="CAT"><subfield code="a">SYS</subfield><subfield code="c">20170121</subfield><subfield code="h">211048</subfield></datafield></record></collection>